@inproceedings{HW87,
    author = {Herlihy, Maurice P. and Wing, Jeannette M.},
    title = {Axioms for Concurrent Objects},
    year = {1987},
    isbn = {0897912152},
    publisher = {Association for Computing Machinery},
    address = {New York, NY, USA},
    url = {https://doi.org/10.1145/41625.41627},
    doi = {10.1145/41625.41627},
    booktitle = {Proceedings of the 14th ACM SIGACT-SIGPLAN Symposium on Principles of Programming Languages},
    pages = {13–26},
    numpages = {14},
    location = {Munich, West Germany},
    series = {POPL ’87}
}

@book{Lamport02,
    author = {Lamport, Leslie},
    title = {Specifying Systems: The TLA+ Language and Tools for Hardware and Software Engineers},
    year = {2002},
    isbn = {032114306X},
    publisher = {Addison-Wesley Longman Publishing Co., Inc.},
    address = {USA}
}

@InProceedings{Lamport09,
    author="Lamport, Leslie",
    editor="Leucker, Martin and Morgan, Carroll",
    title={The {PlusCal} {Algorithm Language}},
    booktitle="Theoretical Aspects of Computing - ICTAC 2009",
    year="2009",
    publisher="Springer Berlin Heidelberg",
    address="Berlin, Heidelberg",
    pages="36--60",
    isbn="978-3-642-03466-4"
}

@article{Peterson81,
    title = "Myths about the mutual exclusion problem",
    journal = "Information Processing Letters",
    volume = "12",
    number = "3",
    pages = "115 - 116",
    year = "1981",
    issn = "0020-0190",
    doi = "https://doi.org/10.1016/0020-0190(81)90106-X",
    url = "http://www.sciencedirect.com/science/article/pii/002001908190106X",
    author = "Gary L. Peterson",
    keywords = "Parallelism, mutual exclusion"
}

@article{CHP71,
    author = {Courtois, Pierre-Jacques. and Heymans, Frans and Parnas, David L.},
    title = {Concurrent Control with “Readers” and “Writers”},
    year = {1971},
    issue_date = {Oct. 1971},
    publisher = {Association for Computing Machinery},
    address = {New York, NY, USA},
    volume = {14},
    number = {10},
    issn = {0001-0782},
    url = {https://doi.org/10.1145/362759.362813},
    doi = {10.1145/362759.362813},
    journal = {Commun. ACM},
    month = oct,
    pages = {667–668},
    numpages = {2},
    keywords = {mutual exclusion, shared access to resources, critical section}
}

@article{LR80,
    author = {Lampson, Butler W. and Redell, David D.},
    title = {Experience with Processes and Monitors in {Mesa}},
    year = {1980},
    issue_date = {Feb. 1980},
    publisher = {Association for Computing Machinery},
    address = {New York, NY, USA},
    volume = {23},
    number = {2},
    issn = {0001-0782},
    url = {https://doi.org/10.1145/358818.358824},
    doi = {10.1145/358818.358824},
    journal = {Commun. ACM},
    month = feb,
    pages = {105–117},
    numpages = {13},
    keywords = {task, concurrency, module, operating system, deadlock, synchronization, monitor, variable, condition, process}
}

@book{Schneider97,
    author = {Schneider, Fred B.},
    title = {On Concurrent Programming},
    year = {1997},
    isbn = {0387949429},
    publisher = {Springer-Verlag},
    address = {Berlin, Heidelberg}
}

@TechReport{Birrell89,
  author =       "Andrew D. Birrell",
  title =        "An introduction to programming with threads",
  type =         "SRC reports",
  number =       "35",
  institution =  "Digital Systems Research Center",
  address =      "Palo Alto, CA, USA",
  pages =        "35",
  day =          "6",
  month =        jan,
  year =         "1989",
  LCCN =         "QA76.6.B5729 1989",
  bibdate =      "Fri May 10 12:18:17 MDT 2002",
  bibsource =    "http://www.math.utah.edu/pub/tex/bib/multithreading.bib",
  acknowledgement = ack-nhfb,
  keywords =     "parallel programming (computer science);
                 synchronization",
}

@book{Downey09,
  title={The Little Book Of Semaphores},
  author={Allen B. Downey},
  year={2009}
}
